<?xml version="1.0" encoding="UTF-8"?><collection xmlns="http://www.loc.gov/MARC21/slim"><record><leader>00561nam--2200169-i-4500</leader><controlfield tag="001">000040818</controlfield><controlfield tag="002">20161230</controlfield><controlfield tag="005">20170222105403</controlfield><controlfield tag="008">060222s1000------------r-----000-0-eng-d</controlfield><datafield ind1=" " ind2=" " tag="040"><subfield code="a">IFIN-HH</subfield></datafield><datafield ind1=" " ind2=" " tag="080"><subfield code="a">621.391.8</subfield></datafield><datafield ind1="1" ind2=" " tag="100"><subfield code="a">Schwartz,Mischa And Shaw,Leonard</subfield></datafield><datafield ind1="1" ind2="0" tag="245"><subfield code="a">Signal processing disscrete spectral analysis detection and estimation</subfield><subfield code="c">Shaw, Leonard and Schwartz, Mischa</subfield></datafield><datafield ind1=" " ind2=" " tag="260"><subfield code="a">Tokyo, McGraw-Hill, Inc.,1975. XI + 396 P</subfield></datafield><datafield ind1=" " ind2=" " tag="490"><subfield code="a">Int Student Edition, McGraw-Hill Int Book Comp</subfield></datafield><datafield ind1=" " ind2=" " tag="852"><subfield code="a">71254</subfield><subfield code="c">621.391</subfield></datafield><datafield ind1=" " ind2=" " tag="CAT"><subfield code="a">SYS</subfield><subfield code="c">20170222</subfield><subfield code="h">105403</subfield></datafield></record></collection>